@misc{paperPHR,
	author = {McBride, T. and Mason, A.},
	title = {Introducing a Patient Held Record in a Turner Transition Clinic, RHC Glasgow.},
	howpublished = {\url{http://www.endocrine-abstracts.org/ea/0051/ea0051p028.htm}},
	note = {Accessed: 18.02.2018}
}

@misc{MoSCoW,
    author = {Agile Business Consortium Limited},
    title = {MoSCoW Prioritisation},
    howpublished = {\url{https://www.agilebusiness.org/content/moscow-prioritisation-0}},
    note = {Accessed: 04.03.2018}
}

@misc{AgileMain,
    author = {Beck, K. and et al.},
    title = {Manifesto for Agile Software Development},
    howpublished = {\url{http://agilemanifesto.org/}},
    note = {Accessed: 25.03.2018}
}

@misc{AgileManifesto,
    author = {Beck, K. and et al.},
    title = {Twelve Principles of Agile Software},
    howpublished = {\url{http://agilemanifesto.org/principles.html}},
    note = {Accessed: 10.03.2018}
}

@misc{CodeReview,
    author = {Cohen, J. and Teleki, S. and Brown, E.},
    title = {Best Kept Secrets of Peer Code Review},
    howpublished = {\url{https://smartbear.com/SmartBear/media/pdfs/best-kept-secrets-of-peer-code-review.pdf?q=best+kept+secrets+of+peer+code+review}},
    note = {Accessed: 12.03.2018}
}

@misc{CodeOwnership,
    author = {Fowler, M.},
    date = {12.05.2006},
    title = {Code Ownership},
    howpublished = {\url{https://martinfowler.com/bliki/CodeOwnership.html}},
    note = {Accessed: 12.03.2018}
}

@misc{Walkthroughs,
    author = {TutorialsPoint},
    title = {Code Walkthrough},
    howpublished = {\url{https://www.tutorialspoint.com/software_testing_dictionary/code_walkthrough.htm}},
    note = {Accessed: 25.03.2018}
}

@misc{Waterfall,
    author = {TutorialsPoint},
    title = {SDLC Waterfall Model},
    howpublished = {\url{https://www.tutorialspoint.com/sdlc/sdlc_waterfall_model.htm}},
    note = {Accessed: 27.03.2018}
}

@misc{SOTeams,
    author = {Kaltenecker, S. and Hundermark, P.},
    title = {What Are Self-Organising Teams?},
    howpublished = {\url{https://www.infoq.com/articles/what-are-self-organising-teams}},
    note = {Accessed: 12.05.2018}
}

@misc{Javadoc,
    key = {Javadoc},
    title = {Javadoc Documentation},
    howpublished = {\url{http://www.oracle.com/technetwork/java/javase/documentation/index-jsp-135444.html#close}},
    note = {Accessed: 14.03.2018}
    }

@misc{psd-notes,
    key = {psd-notes},
    title = {Lecture Notes on Software Engineering r129},
    howpublished = {\url{http://moodle2.gla.ac.uk/mod/resource/view.php?id=391384}},
    note = {Accessed: 07.03.2018}
}

@misc{material-design,
    key = {material-design},
    title = {Material Design},
    howpublished = {\url{https://material.io/}},
    note = {Accessed: 08.03.2018}
}

@misc{lock-ins,
    author = {Lockton, D.},
    title = {Getting People To Do Things In a Particular Order},
    howpublished = {\url{http://architectures.danlockton.co.uk/category/forcing-functions/page/2/}},
    note = {Accessed: 25/03/2018}
}
    

@misc{SSC,
    key = {retrium},
    title = {Start, Stop, Continue},
    howpublished = {\url{https://www.retrium.com/resources/techniques/start-stop-continue}},
    note = {Accessed: 07.03.2018}
}

@book{Sailboat,
    author = {Gon√ßalves, L. and Linders, B.},
    title = {Getting Value Out of Agile Retrospectives: A Toolbox of Retrospective Exercises},
    year = {2013},
    publisher = {InfoQ}
}

@misc{sqldbm,
    key = {sqldbm},
	title = {{SQL} Database Modeler},
	howpublished = {\url{https://sqldbm.com}},
	note = {Accessed: 22.02.2018}
}

@misc{room,
    key = {room},
	title = {Room Persistence Library},
	howpublished = {\url{https://developer.android.com/topic/libraries/architecture/room.html}},
	note = {Accessed: 22.02.2018}
}

@misc{gitlab-ci,
    key = {gitlab-ci},
	title = {GitLab {CI}},
	howpublished = {\url{https://about.gitlab.com/features/gitlab-ci-cd}},
	note = {Accessed: 26.02.2018}
}

@misc{unit-tests,
    key = {unit-tests},
	title = {Building Effective Unit Tests},
	howpublished = {\url{https://developer.android.com/training/testing/unit-testing/index.html}},
	note = {Accessed: 26.02.2018}
}

@misc{android-studio,
    key = {android-studio},
	title = {Android Studio},
	howpublished = {\url{https://developer.android.com/studio/index.html}},
	note = {Accessed: 16.03.2018}
}

@misc{espresso,
    key = {espresso},
	title = {Espresso Testing Framework},
	howpublished = {\url{https://developer.android.com/training/testing/espresso/index.html}},
	note = {Accessed: 02.03.2018}
}

@misc{espresso-recorder,
    key = {espresso-recorder},
	title = {Espresso Test Recorder},
	howpublished = {\url{https://developer.android.com/studio/test/espresso-test-recorder.html}},
	note = {Accessed: 02.03.2018}
}

@misc{jacoco,
    key = {jacoco},
	title = {JaCoCo Java Code Coverage Library},
	howpublished = {\url{http://www.eclemma.org/jacoco/}},
	note = {Accessed: 04.03.2018}
}

@misc{graph-view,
    key = {graph-view},
    title = {Graph View Documentation},
    howpublished = {\url{http://www.android-graphview.org/simple-graph/}},
    note = {Accessed: 16.03.2018}
}

@misc{dashboards,
    title = {Dashboards},
    key = {Dashboards | Android Developers},
    howpublished = {\url{https://developer.android.com/about/dashboards/index.html}},
    note = {Accessed: 16.03.2018}
}

@misc{pinlock,
    title = {PinLockView},
    key = {Pin Lock},
    howpublished =
    {\url{https://github.com/aritraroy/PinLockView}},
    note = {Accessed: 25.03.2018}
}

@misc{userscenarios,
    title = {User Scenarios},
    key = {User Stories},
    howpublished =
    {\url{https://www.usability.gov/how-to-and-tools/methods/scenarios.html}},
    note = {Accessed: 25.03.2018}
}

@misc{mechanistic,
    author = {Devaney, E.},
    title = {The Pros \& Cons of 7 Popular Organizational Structures},
    howpublished = {\url{https://blog.hubspot.com/marketing/team-structure-diagrams}},
    note = {Accessed: 26.03.2018}
}

@misc{extreme,
    key = {extreme},
    title = {Extreme Programming},
    howpublished = {\url{https://www.agilealliance.org/glossary/xp/}},
    note = {Accessed: 27.03.2018}
}

@misc{Emma,
    key = {Emma},
    title = {Emma: A Free Java Code Coverage Tool},
    howpublished = {\url{http://emma.sourceforge.net/}},
    note = {Accessed: 27.03.2018}
}